% Incluye aquí la lista de referencias que utilices en tu trabajo.

% Los registros deben estar en formato BIBTEX:

% @documenttype{id-referencia,
%   title={El título del documento},
%   author={Apellido1, Nombre1 and Apellido2, Nombre2 and Apellido3, Nombre3},
%   year={AAAA},
%   publisher={Nombre editorial},
%}

% La mayoría de bases de datos permiten descargar los registros en formato Bibtex. Te recomendamos que borres o comentes los campos que no deben aparecer en la referencia y que siempre revises la sección de Bibliografía para comprobar que las referencias están bien construidas.

% IMPORTANTE: en Látex hay una serie de caracteres especiales, que son: # $ % & \ ^ _ { } ~. Si aparecen en la bibliografía, tendrás un error al compilar. La mayoría se pueden escapar escribiendo \ delante. Para: \ utiliza \textbackslash ; para ^ \textasciitilde y para ~ \textasciicircum.

@misc{userExperience, 
  title={User experience in automotive industry: user perspective on functionality and entertainment}, 
  url={https://www.diva-portal.org/smash/record.jsf?dswid=-6939&pid=diva2%3A1385278}, 
  journal={DIVA}, 
  author={Papadaki, Patricia}, 
  year={2019}, 
  month={Jan}
}

@misc{touchScreen, 
  title={Automotive Interior: A study on the Dashboard  Touch Screen Panel and Its Impact to the Driver}, 
  url={https://eudl.eu/doi/10.4108/eai.24-8-2021.2315303}, 
  journal={EUDL}, 
  author={Zulkefli, Mohd Taufik and Shafiai, Noor ‘Izzati Ahmad and Azizan, Hasnul Azwan}
}

@article{mobileIntegration,
  title={Connected car: technologies, issues, future trends},
  author={Coppola, Riccardo and Morisio, Maurizio},
  journal={ACM Computing Surveys (CSUR)},
  volume={49},
  number={3},
  pages={1--36},
  year={2016},
  publisher={ACM New York, NY, USA}
}

@misc{hudPaper, 
  title={Head-up Displays (HUD) in driving}, 
  url={https://arxiv.org/abs/1803.08383}, 
  journal={arXiv.org}, 
  author={Maroto, Marcos and Caño, Enrique and González, Pavel and Villegas, Diego}, 
  year={2018}, 
  month={Mar}
}

@misc{adasDGT, 
 title={Sistemas avanzados de ayuda a la conducción (ADAS)}, 
 url={https://www.dgt.es/muevete-con-seguridad/conviertete-en-un-buen-conductor/Sistemas-avanzados-de-ayuda-a-la-conduccion-ADAS-/}, 
 journal={Sistemas avanzados de ayuda a la conducción (ADAS)}, 
 author={DGT, Ministerio interior}
}

@misc{adasObligatorios, 
  title={Los ADAS obligatorios desde julio 2022, uno a uno}, 
  url={https://revista.dgt.es/es/motor/tecnologia-seguridad/2021/0518-Landing-ADAS.shtml#}
}

@inproceedings{autonomousVehicles,
  title={Autonomous vehicles: classification, technology and evolution},
  author={Scurt, FB and Vesselenyi, T and Tarca, RC and Beles, H and Dragomir, G},
  booktitle={IOP Conference Series: Materials Science and Engineering},
  volume={1169},
  number={1},
  pages={012032},
  year={2021},
  organization={IOP Publishing}
}

@article{autonomousVehicles2, 
  title={A Review on Autonomous Vehicles: Progress, Methods and Challenges}, 
  volume={11}, 
  DOI={10.3390/electronics11142162}, 
  number={14}, 
  journal={Electronics}, 
  author={Parekh, Darsh and Poddar, Nishi and Rajpurkar, Aakash and Chahal, Manisha and Kumar, Neeraj and Joshi, Gyanendra Prasad and Cho, Woong}, 
  year={2022}, 
  month={Jul}
}

@misc{sae, 
  title={Taxonomy and Definitions for Terms Related to Driving Automation Systems for On-Road Motor Vehicles}, 
  url={https://www.sae.org/standards/content/j3016_202104/}, 
  journal={SAE International}
}

@misc{adasSensors, 
  title={Advanced Driver-Assistance Systems: A Path Toward Autonomous Vehicles}, 
  url={https://ieeexplore.ieee.org/document/8429957}, 
  journal={IEEE Xplore}
}

@misc{deepLearning, 
  title={Artificial intelligence, machine learning and deep learning}, 
  url={https://ieeexplore.ieee.org/abstract/document/8259629?casa_token=e8Kq68ejBNMAAAAA:ozsksy20L0JWpg0P9wKd6eJVqA9aJHVKc6ifX3a2rRMJ8yBZJO-JOqGc2WNvkIW1jTVx5Q2icg}, 
  journal={IEEE Xplore}
}

@article{artInt, 
 title={Review of Artificial Intelligence and Machine Learning Technologies: Classification, Restrictions, Opportunities and Challenges}, 
 volume={10}, 
 DOI={10.3390/math10152552}, 
 number={15}, 
 journal={Mathematics}, 
 author={Mukhamediev, Ravil I. and Popova, Yelena and Kuchin, Yan and Zaitseva, Elena and Kalimoldayev, Almas and Symagulov, Adilkhan and Levashenko, Vitaly and Abdoldina, Farida and Gopejenko, Viktors and Yakunin, Kirill and Muhamedijeva, Elena and Yelis, Marina}, 
 year={2022}, 
 month={Jul}
}

@article{deepImages, 
  title={A Survey on Deep Learning: Algorithms, Techniques, and Applications: ACM Computing Surveys: Vol 51, No 5}, 
  journal={ACM Computing Surveys (CSUR)}, 
  author={PouyanfarSamira}, 
  year={2018}, 
  month={Sep}
}

@article{annReview, 
  title={Artificial Neural Networks Based Optimization Techniques: A Review}, 
  volume={10}, 
  DOI={10.3390/electronics10212689}, 
  number={21}, 
  journal={Electronics}, 
  author={Abdolrasol, Maher G. M. and Hussain, S. M. Suhail and Ustun, Taha Selim and Sarker, Mahidur R. and Hannan, Mahammad A. and Mohamed, Ramizi and Ali, Jamal Abd and Mekhilef, Saad and Milad, Abdalrhman}, 
  year={2021}, 
  month={Nov}
}
